@book{largrid,
  title={Linear Algebric Representation whit CoChains (LARCC)},
  author={LARCC team},
  url={https://github.com/cvdlab/larcc/blob/master/doc/pdf/largrid.pdf},
  }

@book{julia,
  title={The Julia Language},
  url={https://julialang.org/},
  }
